<record xmlns="http://www.loc.gov/MARC21/slim" xmlns:xsi="http://www.w3.org/2001/XMLSchema-instance" xsi:schemaLocation="http://www.loc.gov/MARC21/slim http://www.loc.gov/standards/marcxml/schema/MARC21slim.xsd"><leader>01903nam a2200349   4500</leader><controlfield tag="001">001680087</controlfield><controlfield tag="003">NNU</controlfield><controlfield tag="006">m        d        </controlfield><controlfield tag="007">cr cn |||m|||a</controlfield><controlfield tag="008">140707s1955    ir a    ob    000 0 ara d</controlfield><datafield ind1=" " ind2=" " tag="040"><subfield code="a">NNU</subfield><subfield code="b">eng</subfield><subfield code="c">NNU</subfield></datafield><datafield ind1=" " ind2="4" tag="050"><subfield code="a">BP166</subfield><subfield code="b">.S286</subfield></datafield><datafield ind1="1" ind2=" " tag="100"><subfield code="a">Sa&#772;hib al-Ta&#772;lqa&#772;ni&#772;, Abu&#772; al-Qa&#772;sim Isma&#699;l&#772; ibn &#699;Abbad,</subfield><subfield code="d">936-995.</subfield></datafield><datafield ind1="1" ind2="0" tag="245"><subfield code="a">Risa&#772;lah fi&#772; al-hida&#772;yah wa-al-d&#803;ala&#772;lah</subfield><subfield code="h">[electronic resource] /</subfield><subfield code="c">ta&#772;&#700;li&#772;f al-Sa&#772;hib ibn &#699;Abba&#772;d ; H&#803;usayn &#699;Ali&#772; Mah&#803;fu&#772;z&#803;.</subfield></datafield><datafield ind1=" " ind2=" " tag="260"><subfield code="a">T&#803;ihra&#772;n :</subfield><subfield code="b">Mat&#803;bu&#699;at al-H&#803;aydri&#772;,</subfield><subfield code="c">1374 [1955]</subfield></datafield><datafield ind1=" " ind2=" " tag="300"><subfield code="a">online resource (54 p.) :</subfield><subfield code="b">ill.</subfield></datafield><datafield ind1="1" ind2=" " tag="490"><subfield code="a">[Intisha&#772;ra&#772;t Anjuman Farhangi&#772;-i Mihr ;</subfield><subfield code="v">dawrah-i 2, 1]</subfield></datafield><datafield ind1=" " ind2=" " tag="500"><subfield code="a">Added t.p. in English.</subfield></datafield><datafield ind1=" " ind2=" " tag="500"><subfield code="a">Part of the Arabic Collections Online (ACO) project, contributed by New York Univeristy Libraries.</subfield></datafield><datafield ind1=" " ind2=" " tag="504"><subfield code="a">Includes bibliographical references.</subfield></datafield><datafield ind1=" " ind2=" " tag="533"><subfield code="a">Electronic reproduction.</subfield><subfield code="b">New York, N.Y. :</subfield><subfield code="c">New York University,</subfield><subfield code="d">2014.</subfield><subfield code="5">NNU</subfield></datafield><datafield ind1=" " ind2="0" tag="650"><subfield code="a">Islam</subfield><subfield code="x">Doctrines</subfield><subfield code="v">Early works to 1800.</subfield></datafield><datafield ind1=" " ind2="7" tag="650"><subfield code="a">Islam</subfield><subfield code="x">Doctrines.</subfield><subfield code="2">fast</subfield><subfield code="0">(OCoLC)fst00979787</subfield></datafield><datafield ind1=" " ind2="7" tag="655"><subfield code="a">Early works.</subfield><subfield code="2">fast</subfield><subfield code="0">(OCoLC)fst01411636</subfield></datafield><datafield ind1="1" ind2=" " tag="700"><subfield code="a">Mah&#803;fu&#772;z&#803;, H&#803;usayn &#699;Ali&#772;.</subfield></datafield><datafield ind1="2" ind2=" " tag="710"><subfield code="a">New York University.</subfield><subfield code="b">Libraries.</subfield></datafield><datafield ind1="0" ind2=" " tag="730"><subfield code="a">Arabic Collections Online.</subfield></datafield><datafield ind1="0" ind2="8" tag="776"><subfield code="i">Online version:</subfield><subfield code="a">Sa&#772;hib al-Ta&#772;lqa&#772;ni&#772;, Abu&#772; al-Qa&#772;sim Isma&#699;l&#772; ibn &#699;Abbad, 936-995.</subfield><subfield code="t">Risa&#772;lah fi&#772; al-hida&#772;yah wa-al-d&#803;ala&#772;lah.</subfield><subfield code="d">T&#803;ihra&#772;n : Mat&#803;bu&#699;at al-H&#803;aydri&#772;, 1374 [1955]</subfield><subfield code="w">(OCoLC)702561334</subfield></datafield><datafield ind1="0" ind2="8" tag="776"><subfield code="i">Print version:</subfield><subfield code="a">Sa&#772;hib al-Ta&#772;lqa&#772;ni&#772;, Abu&#772; al-Qa&#772;sim Isma&#699;l&#772; ibn &#699;Abbad, 936-995.</subfield><subfield code="t">Risa&#772;lah fi&#772; al-hida&#772;yah wa-al-d&#803;ala&#772;lah</subfield><subfield code="w">(NNU)001680087</subfield><subfield code="w">(DLC)   74225933 </subfield><subfield code="w">(OCoLC)26243710</subfield></datafield><datafield ind1="2" ind2=" " tag="810"><subfield code="a">Anjuman-i Farhangi&#772;-i Mihr.</subfield><subfield code="t">Intisha&#772;ra&#772;t ;</subfield><subfield code="v">2, 1.</subfield></datafield><datafield ind1="4" ind2="0" tag="856"><subfield code="u">http://hdl.handle.net/2333.1/v41ns3ms</subfield></datafield><datafield ind1=" " ind2=" " tag="959"><subfield code="a">NNU</subfield><subfield code="b">WEB</subfield><subfield code="c">GENI</subfield><subfield code="t">0</subfield><subfield code="m">Electronic access</subfield><subfield code="s">01</subfield></datafield></record>